@online{davison2024public,
    author = {Davison, Phillips W.},
    editor = {The Editors of Encyclopaedia Britannica},
    title = {public opinion},
    date = {2024-12-21},
    url = {https://www.britannica.com/topic/public-opinion},
    urldate = {2024-02-04},
    language = {english},
}